569 1017
126 103 164 134 76
198 100 444 130 ADEISIDAEMON.

129 152 181 170 mm
192 142 281 170 fraudes
291 141 403 169 &deliria
410 143 446 170 vel
459 146 507 169 mi*

129 179 222 204 nimuim
232 178 373 212 aspernantes
380 197 387 209 ‚
400 185 447 203 nou
460 177 504 203 fibi

129 214 220 238 tannim
231 211 305 238 hostes
310 212 417 248 capitales
429 212 503 244 ducit,

128 245 165 271 sed
177 255 287 283 tanquam
299 249 351 272 Deo
367 249 438 272 etiam
449 256 502 271 exo-

128 280 162 306 sos
174 289 198 307 et
213 281 346 316 reprobatos
357 282 502 316 pertinaciter

129 315 243 341 damnat:
263 316 352 342 coelum
369 323 446 345 eontra
464 324 503 341 eos

129 357 154 375 et
164 357 248 375 terram
259 370 267 382 ‚
285 353 366 381 ,immo
385 358 409 374 et
428 350 504 383 ipsum

127 393 259 410 commovet
274 393 353 411 orcum
365 404 372 414 ‚
398 386 434 409 cui
447 385 503 410 takes

126 427 206 443 omnes
223 418 327 454 religiose
340 419 438 444 devovet
458 432 465 450 ς
485 420 503 444 i-

128 453 218 488 deoque
237 463 355 489 nunquam
373 454 423 478 satis
441 453 504 479 male

128 488 276 518 tradtandos,
297 488 334 513 sed
352 487 439 522 prorsus
459 487 504 513 tol-

126 522 206 547 leudos
224 523 298 548 censet
317 531 357 557 pet
380 523 423 547 Dei
445 524 503 547 ami*

127 565 165 582 cos
175 576 183 588 ‚
203 555 293 583 asseclas
304 575 312 586 ,
333 564 356 581 et
372 556 477 582 satellites
494 575 502 587 ‚

127 594 187 617 inter
197 600 253 626 quos
264 593 387 626 primatum
399 610 407 619 ‚
425 591 442 616 fi
455 600 501 616 non

145 625 222 656 radus,
235 633 259 649 at
269 626 348 650 saltem
363 625 445 650 favoris
457 643 466 654 ,
475 624 502 650 fi-

145 662 153 685 i
166 659 255 685 tribuit.
292 661 317 684 In
330 659 375 685 hoc
381 668 427 685 uno
439 668 503 695 pares

99 693 103 698 '
130 696 181 721 sunt
198 694 266 719 Athei
289 702 313 719 et
330 693 477 728 Superffitiofi
494 713 502 725 ,

131 729 194 764 qu6d
207 729 289 753 eodem
304 737 388 763 nempe
406 730 504 754 omnino

129 764 225 793 redeat,
244 771 319 788 utrum
332 783 339 794 ,
357 762 419 789 nulla
436 763 504 788 datae

128 798 182 823 fidei
193 799 280 823 ratione
290 796 370 823 habit&
387 816 395 826 ,
416 796 506 823 Atheus

125 834 151 868 1¹13
164 832 249 858 stcreto
267 831 382 868 (quando
399 840 412 857 e
428 840 452 857 re
464 831 503 857 sus

442 866 508 889 ’ἐκδι-
